<record><leader>00000cas a22000007a 4500</leader><controlfield tag="001">20870304</controlfield><controlfield tag="008">900110d19731982couwr ne      0    0eng d</controlfield><datafield ind1=" " ind2=" " tag="010"><subfield code="a">sn 90051002 </subfield></datafield><datafield ind1=" " ind2=" " tag="040"><subfield code="a">CNQ</subfield><subfield code="b">eng</subfield><subfield code="c">CNQ</subfield><subfield code="d">OCLCQ</subfield></datafield><datafield ind1=" " ind2=" " tag="042"><subfield code="a">msc</subfield></datafield><datafield ind1="0" ind2=" " tag="130"><subfield code="a">Clear Creek courant (Idaho Springs, Colo. : 1973)</subfield></datafield><datafield ind1="1" ind2="4" tag="245"><subfield code="a">The Clear Creek courant.</subfield></datafield><datafield ind1=" " ind2=" " tag="260"><subfield code="a">Georgetown, Colo. :</subfield><subfield code="b">Carol Wilcox Stiff &amp; Cary Packard Stiff II</subfield></datafield><datafield ind1=" " ind2=" " tag="300"><subfield code="a">v.</subfield></datafield><datafield ind1=" " ind2=" " tag="310"><subfield code="a">Weekly</subfield></datafield><datafield ind1="0" ind2=" " tag="362"><subfield code="a">Vol. 1, no. 1 (Aug. 24, 1973)-</subfield></datafield><datafield ind1=" " ind2=" " tag="500"><subfield code="a">Published at Idaho Springs, July 7, 1978-Dec. 8, 1982.</subfield></datafield><datafield ind1=" " ind2=" " tag="530"><subfield code="a">Available on microfilm from the Colorado Historical Society.</subfield></datafield><datafield ind1=" " ind2=" " tag="752"><subfield code="a">United States</subfield><subfield code="b">Colorado</subfield><subfield code="c">Clear Creek</subfield><subfield code="d">Idaho Springs.</subfield></datafield><datafield ind1=" " ind2=" " tag="752"><subfield code="a">United States</subfield><subfield code="b">Colorado</subfield><subfield code="c">Clear Creek</subfield><subfield code="d">Georgetown.</subfield></datafield><datafield ind1="0" ind2="0" tag="780"><subfield code="t">Georgetown crucible</subfield><subfield code="w">(DLC)sn 90051001</subfield></datafield><datafield ind1="0" ind2="0" tag="785"><subfield code="t">Clear Creek courant &amp; Evergreen today</subfield><subfield code="w">(DLC)sn 90051003</subfield></datafield></record>